@article{atlasH,
title = "Observation of a new particle in the search for the Standard Model Higgs boson with the \{ATLAS\} detector at the \{LHC\} ",
journal = "Physics Letters B ",
volume = "716",
number = "1",
pages = "1 - 29",
year = "2012",
note = "",
issn = "0370-2693",
doi = "http://dx.doi.org/10.1016/j.physletb.2012.08.020",
url = "http://www.sciencedirect.com/science/article/pii/S037026931200857X",
author = "G. Aad and others",
}
@article{cmsH,
title = "Observation of a new boson at a mass of 125 GeV with the \{CMS\} experiment at the \{LHC\} ",
journal = "Physics Letters B ",
volume = "716",
number = "1",
pages = "30 - 61",
year = "2012",
note = "",
issn = "0370-2693",
doi = "http://dx.doi.org/10.1016/j.physletb.2012.08.021",
url = "http://www.sciencedirect.com/science/article/pii/S0370269312008581",
author = "S. Chatrchyan and others",
keywords = "CMS",
keywords = "Physics",
keywords = "Higgs ",
}
@article{constraints1,
year={2013},
journal={Journal of High Energy Physics},
eid={180},
volume={2013},
number={11},
doi={10.1007/JHEP11(2013)180},
title={Constraints on CP-violating Higgs couplings to the third generation},
url={http://dx.doi.org/10.1007/JHEP11%282013%29180},
publisher={Springer Berlin Heidelberg},
keywords={Higgs Physics; Beyond Standard Model; CP violation},
author={Brod, Joachim and Haisch, Ulrich and Zupan, Jure},
language={English}
}
@article{constraints2,
year={2013},
journal={Journal of High Energy Physics},
eid={103},
volume={2013},
number={6},
doi={10.1007/JHEP06(2013)103},
title={Updated global analysis of Higgs couplings},
url={http://dx.doi.org/10.1007/JHEP06%282013%29103},
publisher={Springer-Verlag},
keywords={Higgs Physics; Technicolor and Composite Models; Standard Model},
author={Ellis, John and You, Tevong},
language={English}
}
@article{constraints3,
year={2013},
issn={1434-6044},
journal={The European Physical Journal C},
eid={2512},
volume={73},
number={9},
doi={10.1140/epjc/s10052-013-2512-9},
title={The couplings of the Higgs boson and its CP properties from fits of the signal strengths and their ratios at the 7+8 TeV LHC},
url={http://dx.doi.org/10.1140/epjc/s10052-013-2512-9},
publisher={Springer Berlin Heidelberg},
author={Djouadi, Abdelhak and Moreau, Grégory},
language={English}
}
@article{constraints4,
year={2013},
journal={Journal of High Energy Physics},
eid={134},
volume={2013},
number={5},
doi={10.1007/JHEP05(2013)134},
title={Higgs precision (Higgcision) era begins},
url={http://dx.doi.org/10.1007/JHEP05%282013%29134},
publisher={Springer-Verlag},
keywords={Higgs Physics; Beyond Standard Model; Standard Model},
author={Cheung, Kingman and Lee, JaeSik and Tseng, Po-Yan},
language={English}
}
@article{edm,
author = {Baron, J. and others}, 
title = {Order of Magnitude Smaller Limit on the Electric Dipole Moment of the Electron},
volume = {343}, 
number = {6168}, 
pages = {269-272}, 
year = {2014}, 
collaboration = {ACME Collaboration},
doi = {10.1126/science.1248213}, 
abstract ={The Standard Model of particle physics is known to be incomplete. Extensions to the Standard Model, such as weak-scale supersymmetry, posit the existence of new particles and interactions that are asymmetric under time reversal (T) and nearly always predict a small yet potentially measurable electron electric dipole moment (EDM), , in the range of 10−27 to 10−30 e·cm. The EDM is an asymmetric charge distribution along the electron spin () that is also asymmetric under T. Using the polar molecule thorium monoxide, we measured  = (–2.1 ± 3.7stat ± 2.5syst) × 10−29 e·cm. This corresponds to an upper limit of  < 8.7 × 10−29 e·cm with 90% confidence, an order of magnitude improvement in sensitivity relative to the previous best limit. Our result constrains T-violating physics at the TeV energy scale.}, 
URL = {http://www.sciencemag.org/content/343/6168/269.abstract}, 
journal = {Science} 
}
@article{tau,
  title = {Measuring $CP$ violation in $h\ensuremath{\rightarrow}{\ensuremath{\tau}}^{\mathbf{+}}{\ensuremath{\tau}}^{\mathbf{-}}$ at colliders},
  author = {Harnik, Roni and Martin, Adam and Okui, Takemichi and Primulando, Reinard and Yu, Felix},
  journal = {Phys. Rev. D},
  volume = {88},
  issue = {7},
  pages = {076009},
  numpages = {12},
  year = {2013},
  month = {Oct},
  publisher = {American Physical Society},
  doi = {10.1103/PhysRevD.88.076009},
  url = {http://link.aps.org/doi/10.1103/PhysRevD.88.076009}
}
@article{tHmaltoni,
year={2013},
journal={Journal of High Energy Physics},
eid={22},
volume={2013},
number={5},
doi={10.1007/JHEP05(2013)022},
title={Lifting degeneracies in Higgs couplings using single top production in association with a Higgs boson},
url={http://dx.doi.org/10.1007/JHEP05%282013%29022},
publisher={Springer-Verlag},
keywords={Higgs Physics; Beyond Standard Model},
author={Farina, Marco and Grojean, Christophe and Maltoni, Fabio and Salvioni, Ennio and Thamm, Andrea},
language={English}
}
@article{Gunion1,
  title = {Determining the     \textit{CP}   Nature of a Neutral Higgs Boson at the CERN Large Hadron Collider},
  author = {Gunion, John F. and He, Xiao-Gang},
  journal = {Phys. Rev. Lett.},
  volume = {76},
  issue = {24},
  pages = {4468--4471},
  numpages = {0},
  year = {1996},
  month = {Jun},
  publisher = {American Physical Society},
  doi = {10.1103/PhysRevLett.76.4468},
  url = {http://link.aps.org/doi/10.1103/PhysRevLett.76.4468}
}
@article{Gunion2,
  title = {Determining the $\mathit{t}\overline{t}$ and $\mathit{ZZ}$ Couplings of a Neutral Higgs Boson of Arbitrary $\mathit{CP}$ Nature at the Next Linear Collider},
  author = {Gunion, John F. and Grzadkowski, Bohdan and He, Xiao-Gang},
  journal = {Phys. Rev. Lett.},
  volume = {77},
  issue = {26},
  pages = {5172--5175},
  numpages = {0},
  year = {1996},
  month = {Dec},
  publisher = {American Physical Society},
  doi = {10.1103/PhysRevLett.77.5172},
  url = {http://link.aps.org/doi/10.1103/PhysRevLett.77.5172}
}
@article{Gunion3,
title = "Determining the relative size of the CP-even and CP-odd Higgs boson couplings to a fermion at the \{LHC\} ",
journal = "Physics Letters B ",
volume = "444",
number = "1–2",
pages = "136 - 141",
year = "1998",
note = "",
issn = "0370-2693",
doi = "http://dx.doi.org/10.1016/S0370-2693(98)01364-1",
url = "http://www.sciencedirect.com/science/article/pii/S0370269398013641",
author = "John F. Gunion and Jacek Pliszka",
}
@article{Gunion,
author = {He, Xiao-Gang and Li, Guan-Nan and Zheng, Ya-Juan},
title = {Probing Higgs boson CP properties with tt̄H at the LHC and the 100 TeV pp collider},
journal = {International Journal of Modern Physics A},
volume = {30},
number = {25},
pages = {1550156},
year = {2015},
doi = {10.1142/S0217751X15501560},
URL = {http://www.worldscientific.com/doi/abs/10.1142/S0217751X15501560},
}
@article{Mahlon1,
  title = {Angular correlations in top quark pair production and decay at hadron colliders},
  author = {Mahlon, Gregory and Parke, Stephen},
  journal = {Phys. Rev. D},
  volume = {53},
  issue = {9},
  pages = {4886--4896},
  numpages = {0},
  year = {1996},
  month = {May},
  publisher = {American Physical Society},
  doi = {10.1103/PhysRevD.53.4886},
  url = {http://link.aps.org/doi/10.1103/PhysRevD.53.4886}
}
@article{Mahlon2,
title = {Maximizing spin correlations in top quark pair production at the Tevatron },
author = {Mahlon, Gregory and Parke, Stephen},
journal = {Physics Letters B},
volume = {411},
number = {1–2},
pages = {173 - 179},
year = {1997},
note = "",
issn = {0370-2693},
doi = {http://dx.doi.org/10.1016/S0370-2693(97)00987-8},
url = {http://www.sciencedirect.com/science/article/pii/S0370269397009878},
}
@article{Mahlon3,
  title = {Spin correlation effects in top quark pair production at the LHC},
  author = {Mahlon, Gregory and Parke, Stephen },
  journal = {Phys. Rev. D},
  volume = {81},
  issue = {7},
  pages = {074024},
  numpages = {14},
  year = {2010},
  month = {Apr},
  publisher = {American Physical Society},
  doi = {10.1103/PhysRevD.81.074024},
  url = {http://link.aps.org/doi/10.1103/PhysRevD.81.074024}
}
@article{atwood,
  title = {Extracting anomalous gluon\char21{}top-quark effective couplings at the supercolliders},
  author = {Atwood, D. and Aeppli, A. and Soni, A.},
  journal = {Phys. Rev. Lett.},
  volume = {69},
  issue = {19},
  pages = {2754--2757},
  numpages = {0},
  year = {1992},
  month = {Nov},
  publisher = {American Physical Society},
  doi = {10.1103/PhysRevLett.69.2754},
  url = {http://link.aps.org/doi/10.1103/PhysRevLett.69.2754}
}
@article{Valencia1,
  title = {$T$-odd correlations from $CP$ violating anomalous top-quark couplings revisited},
  author = {Antipin, Oleg and Valencia, G.},
  journal = {Phys. Rev. D},
  volume = {79},
  issue = {1},
  pages = {013013},
  numpages = {8},
  year = {2009},
  month = {Jan},
  publisher = {American Physical Society},
  doi = {10.1103/PhysRevD.79.013013},
  url = {http://link.aps.org/doi/10.1103/PhysRevD.79.013013}
}
@article{Valencia2,
      author         = "Valencia, German",
      title          = "{CP violation in top-quark pair production and decay}",
      booktitle      = "{Proceedings on 11th International Conference on Heavy
                        Quarks and Leptons (HQL 2012)}",
      journal        = "PoS",
      volume         = "HQL2012",
      year           = "2012",
      pages          = "050",
      eprint         = "1301.0962",
      archivePrefix  = "arXiv",
      primaryClass   = "hep-ph",
      SLACcitation   = "%%CITATION = ARXIV:1301.0962;%%"
}
@article{Valencia3,
  title = {Constraints on anomalous color dipole operators from Higgs boson production at the LHC},
  author = {Hayreter, Alper and Valencia, German},
  journal = {Phys. Rev. D},
  volume = {88},
  issue = {3},
  pages = {034033},
  numpages = {11},
  year = {2013},
  month = {Aug},
  publisher = {American Physical Society},
  doi = {10.1103/PhysRevD.88.034033},
  url = {http://link.aps.org/doi/10.1103/PhysRevD.88.034033}
}
@article{Kleiss,
title = "Spinor techniques for calculating pp → W±/Z0 + jets",
journal = "Nuclear Physics B",
volume = "262",
number = "2",
pages = "235 - 262",
year = "1985",
note = "",
issn = "0550-3213",
doi = "http://dx.doi.org/10.1016/0550-3213(85)90285-8",
url = "http://www.sciencedirect.com/science/article/pii/0550321385902858",
author = "R. Kleiss and W.J. Stirling",
}
@article{Mangano,
title = "Multi-parton amplitudes in gauge theories ",
journal = "Physics Reports ",
volume = "200",
number = "6",
pages = "301 - 367",
year = "1991",
note = "",
issn = "0370-1573",
doi = "http://dx.doi.org/10.1016/0370-1573(91)90091-Y",
url = "http://www.sciencedirect.com/science/article/pii/037015739190091Y",
author = "Michelangelo L. Mangano and Stephen J. Parke"
}
@article{Bernreuther,
title = "Top quark pair production and decay at hadron colliders ",
journal = "Nuclear Physics B ",
volume = "690",
number = "1–2",
pages = "81 - 137",
year = "2004",
note = "",
issn = "0550-3213",
doi = "http://dx.doi.org/10.1016/j.nuclphysb.2004.04.019",
url = "http://www.sciencedirect.com/science/article/pii/S0550321304003025",
author = "W. Bernreuther and A. Brandenburg and Z.G. Si and P. Uwer",
keywords = "Hadron collider physics",
keywords = "Top quarks",
keywords = "QCD corrections",
keywords = "Spin correlations "
}
@article{Ellis,
year={2014},
journal={Journal of High Energy Physics},
eid={4},
volume={2014},
number={4},
doi={10.1007/JHEP04(2014)004},
title={Disentangling Higgs-top couplings in associated production},
url={http://dx.doi.org/10.1007/JHEP04%282014%29004},
publisher={Springer Berlin Heidelberg},
keywords={Phenomenological Models; Hadronic Colliders},
author={Ellis, John and Hwang, DaeSung and Sakurai, Kazuki and Takeuchi, Michihisa},
language={English}
}
@article{Biswas,
year={2014},
journal={Journal of High Energy Physics},
eid={20},
volume={2014},
number={7},
doi={10.1007/JHEP07(2014)020},
title={Enhancing the tsignal through top-quark spin polarization effects at the LHC},
url={http://dx.doi.org/10.1007/JHEP07%282014%29020},
publisher={Springer Berlin Heidelberg},
keywords={Higgs Physics; Heavy Quark Physics},
author={Biswas, S. and Frederix, R. and Gabrielli, E. and Mele, B.},
language={English}
}
@article{identities,
  title = {Extension of the chiral perturbation theory meson Lagrangian to order ${\mathit{p}}^{6}$},
  author = {Fearing, H. W. and Scherer, S.},
  journal = {Phys. Rev. D},
  volume = {53},
  issue = {1},
  pages = {315--348},
  numpages = {0},
  year = {1996},
  month = {Jan},
  publisher = {American Physical Society},
  doi = {10.1103/PhysRevD.53.315},
  url = {http://link.aps.org/doi/10.1103/PhysRevD.53.315}
}
@article{Kawasaki,
      author         = "Kawasaki, S. and Shirafuji, T. and Tsai, S. Y.",
      title          = "{Productions and decays of short-lived particles in e+ e-
                        colliding beam experiments}",
      journal        = "Prog. Theor. Phys.",
      volume         = "49",
      year           = "1973",
      pages          = "1656-1678",
      doi            = "10.1143/PTP.49.1656",
      SLACcitation   = "%%CITATION = PTPKA,49,1656;%%"
}
@article{Arens,
  title = {Energy correlation and asymmetry of secondary leptons in ${\mathit{e}}^{+}$${\mathit{e}}^{\mathrm{-}}$\ensuremath{\rightarrow}    \textit{tt}  \ifmmode\bar\else\textasciimacron\fi{}},
  author = {Arens, T. and Sehgal, L. M.},
  journal = {Phys. Rev. D},
  volume = {50},
  issue = {7},
  pages = {4372--4381},
  numpages = {0},
  year = {1994},
  month = {Oct},
  publisher = {American Physical Society},
  doi = {10.1103/PhysRevD.50.4372},
  url = {http://link.aps.org/doi/10.1103/PhysRevD.50.4372}
}
@article{ale1,
      author         = "Saha, Pratishruti and Kiers, Ken and Bhattacharya,
                        Bhubanjyoti and London, David and Szynkman, Alejandro and
                        Melendez, Jordan",
      title          = "{Measuring CP-Violating Observables in Rare Top Decays at
                        the LHC}",
      year           = "2015",
      eprint         = "1510.00204",
      archivePrefix  = "arXiv",
      primaryClass   = "hep-ph",
      reportNumber   = "UDEM-GPP-TH-15-243",
      SLACcitation   = "%%CITATION = ARXIV:1510.00204;%%"
}
@article{ale2,
      author         = "Saha, Pratishruti and Kiers, Ken and London, David and
                        Szynkman, Alejandro",
      title          = "{Detecting New Physics in Rare Top Decays at the LHC}",
      journal        = "Phys. Rev.",
      volume         = "D90",
      year           = "2014",
      number         = "9",
      pages          = "094016",
      doi            = "10.1103/PhysRevD.90.094016",
      eprint         = "1407.1725",
      archivePrefix  = "arXiv",
      primaryClass   = "hep-ph",
      reportNumber   = "UDEM-GPP-TH-14-234",
      SLACcitation   = "%%CITATION = ARXIV:1407.1725;%%"
}
@article{ale3,
      author         = "Kiers, Ken and Saha, Pratishruti and Szynkman, Alejandro
                        and London, David and Judge, Samuel and Melendez, Jordan",
      title          = "{Search for New Physics in Rare Top Decays: $t \bar t$
                        Spin Correlations and Other Observables}",
      journal        = "Phys. Rev.",
      volume         = "D90",
      year           = "2014",
      number         = "9",
      pages          = "094015",
      doi            = "10.1103/PhysRevD.90.094015",
      eprint         = "1407.1724",
      archivePrefix  = "arXiv",
      primaryClass   = "hep-ph",
      reportNumber   = "UDEM-GPP-TH-14-233",
      SLACcitation   = "%%CITATION = ARXIV:1407.1724;%%"
}
@article{ale4,
      author         = "Kiers, Ken and Knighton, Tal and London, David and
                        Russell, Matthew and Szynkman, Alejandro and Webster,
                        Kari",
      title          = "{Using t -> b \bar{b} c to Search for New Physics}",
      journal        = "Phys. Rev.",
      volume         = "D84",
      year           = "2011",
      pages          = "074018",
      doi            = "10.1103/PhysRevD.84.074018",
      eprint         = "1107.0754",
      archivePrefix  = "arXiv",
      primaryClass   = "hep-ph",
      reportNumber   = "UDEM-GPP-TH-11-200",
      SLACcitation   = "%%CITATION = ARXIV:1107.0754;%%"
}
@article{Madgraph,
year={2014},
journal={Journal of High Energy Physics},
eid={79},
volume={2014},
number={7},
doi={10.1007/JHEP07(2014)079},
title={The automated computation of tree-level and next-to-leading order differential cross sections, and their matching to parton shower simulations},
url={http://dx.doi.org/10.1007/JHEP07%282014%29079},
publisher={Springer Berlin Heidelberg},
keywords={Monte Carlo Simulations; NLO Computations},
author={Alwall, J. and Frederix, R. and Frixione, S. and Hirschi, V. and Maltoni, F. and Mattelaer, O. and Shao, H.-S. and Stelzer, T. and Torrielli, P. and Zaro, M.},
language={English}
}
@article{Dawson,
  title = {Next-to-leading order QCD corrections to $p\stackrel{\ensuremath{\rightarrow}}{p}t\overline{t}h$ at the CERN Large Hadron Collider},
  author = {Dawson, S. and Orr, L. H. and Reina, L. and Wackeroth, D.},
  journal = {Phys. Rev. D},
  volume = {67},
  issue = {7},
  pages = {071503},
  numpages = {5},
  year = {2003},
  month = {Apr},
  publisher = {American Physical Society},
  doi = {10.1103/PhysRevD.67.071503},
  url = {http://link.aps.org/doi/10.1103/PhysRevD.67.071503}
}

@article{Beenakker,
title = "\{NLO\} \{QCD\} corrections to tt̄H production in hadron collisions ",
journal = "Nuclear Physics B ",
volume = "653",
number = "1–2",
pages = "151 - 203",
year = "2003",
note = "",
issn = "0550-3213",
doi = "http://dx.doi.org/10.1016/S0550-3213(03)00044-0",
url = "http://www.sciencedirect.com/science/article/pii/S0550321303000440",
author = "W. Beenakker and S. Dittmaier and M. Kramer and B. Plumper and M. Spira and P.M. Zerwas",
}
@book{Dittmaier,
      author        = "S. Dittmaier and others",
      title         = "{Handbook of LHC Higgs Cross Sections: 1. Inclusive
                       Observables}",
      publisher     = "CERN",
      collaboration = "LHC Higgs Cross Section Working Group",
      address       = "Geneva",
      year          = "2011",
      reportNumber  = "arXiv:1101.0593",
      url           = "http://cds.cern.ch/record/1318996",
      note          = "",
}
@techreport{atlasconf,
      title         = "{Measurements of spin correlation in top-antitop quark
                       events from proton-proton collisions at √s = 7 TeV using
                       the ATLAS detector}",
      institution   = "CERN",
      address       = "Geneva",
      number        = "ATLAS-CONF-2013-101",
      month         = "Sep",
      year          = "2013",
      reportNumber  = "ATLAS-CONF-2013-101",
      url           = "http://cds.cern.ch/record/1600803",
}
@article{atlascharge,
year={2015},
journal={Journal of High Energy Physics},
eid={61},
volume={2015},
number={5},
doi={10.1007/JHEP05(2015)061},
title={Measurement of the charge asymmetry in dileptonic decays of top quark pairs in pp collisions at s=7 TeV using the ATLAS detector},
url={http://dx.doi.org/10.1007/JHEP05%282015%29061},
publisher={Springer Berlin Heidelberg},
keywords={Hadron-Hadron Scattering; Top physics},
author={Aad, G. and others},
language={English}
}
@article{Guadagnoli,
  title = {Laboratory-frame observables for probing the top-Higgs boson interaction},
  author = {Boudjema, Fawzi and Guadagnoli, Diego and Godbole, Rohini M. and Mohan, Kirtimaan A.},
  journal = {Phys. Rev. D},
  volume = {92},
  issue = {1},
  pages = {015019},
  numpages = {18},
  year = {2015},
  month = {Jul},
  publisher = {American Physical Society},
  doi = {10.1103/PhysRevD.92.015019},
  url = {http://link.aps.org/doi/10.1103/PhysRevD.92.015019}
}
@article{dosSantos,
  title = {Angular distributions in $t\overline{t}H(H\ensuremath{\rightarrow}b\overline{b})$ reconstructed events at the LHC},
  author = {Amor dos Santos, S. P. and Araque, J. P. and Cantrill, R. and Castro, N. F. and Fiolhais, M. C. N. and Frederix, R. and Gon\ifmmode \mbox{\c{c}}\else \c{c}\fi{}alo, R. and Martins, R. and Santos, R. and Silva, J. and Onofre, A. and Peixoto, H. and Reigoto, A.},
  journal = {Phys. Rev. D},
  volume = {92},
  issue = {3},
  pages = {034021},
  numpages = {10},
  year = {2015},
  month = {Aug},
  publisher = {American Physical Society},
  doi = {10.1103/PhysRevD.92.034021},
  url = {http://link.aps.org/doi/10.1103/PhysRevD.92.034021}
}
@article{atlasger,
year={2015},
issn={1434-6044},
journal={The European Physical Journal C},
eid={349},
volume={75},
number={7},
doi={10.1140/epjc/s10052-015-3543-1},
title={Search for the Standard Model Higgs boson produced in association with top quarks and decaying into \varvec{b\bar{b}} in \varvec{pp} collisions at \sqrt{\mathbf{s}}= \varvec{8{{\,\mathrm TeV}}} with the ATLAS detector},
url={http://dx.doi.org/10.1140/epjc/s10052-015-3543-1},
publisher={Springer Berlin Heidelberg},
author={Aad, G. and others},
language={English}
}
@article{chinos,
      author         = "Li, Hong-Lei and Lu, Peng-Cheng and Si, Zong-Guo and
                        Wang, Ying",
      title          = "{Associated Production of Higgs Boson and $t\bar t$ at
                        LHC}",
      year           = "2015",
      eprint         = "1508.06416",
      archivePrefix  = "arXiv",
      primaryClass   = "hep-ph",
      SLACcitation   = "%%CITATION = ARXIV:1508.06416;%%"
}
%@article{TheATLAScollaboration:2013gja,
%      author         = "The ATLAS collaboration",
%      title          = "{Measurements of spin correlation in top-antitop quark
%                        events from proton-proton collisions at √s = 7 TeV using
%                        the ATLAS detector}",
%      collaboration  = "ATLAS",
%      year           = "2013",
%      reportNumber   = "ATLAS-CONF-2013-101",
%      SLACcitation   = "%%CITATION = ATLAS-CONF-2013-101;%%"
%}

